% This file was created with JabRef 2.9.2.
% Encoding: UTF8

@ARTICLE{Alcala2007,
  author = {R. Alcala AND J. Alcala-Fdez AND F. Herrera},
  title = {A Proposal for the genetic lateral tuning of linguistic fuzzy systems
	and its interaction with rule selection},
  journaltitle = {IEEE Transactions on Fuzzy Systems},
  year = {2007},
  volume = {15},
  number = {4},
  pages = {616--635},
  language = {english},
  hyphenation = {english},
  owner = {Dmitry},
  timestamp = {2014.06.22}
}

@BOOK{Chi1996,
  author = {Z. Chi and H. Yan and T. Pham},
  title = {Fuzzy algorithms},
  year = {1996},
  subtitle = {with applications to image processing and pattern recognition},
  publisher = {World Scientific},
  pagetotal = {227},
  language = {english},
  location = {Singapore},
  hyphenation = {english},
  owner = {Dmitry},
  timestamp = {2014.06.15}
}

@ARTICLE{Chiu1996,
  author = {S. Chiu},
  title = {Method and software for extracting fuzzy classification rules by
	subtractive clustering},
  journaltitle = {Fuzzy Information Processing Society},
  year = {1996},
  publisher = {NAFIPS},
  pages = {461--465},
  language = {english},
  hyphenation = {english},
  owner = {Dmitry},
  timestamp = {2014.06.22}
}

@ARTICLE{Cordon1999,
  author = {O. Cordon AND M. J. del Jesus AND F. Herrera AND M. Lozan},
  title = {MOGUL: A methodology to obtain genetic fuzzy rule-based systems under
	the iterative rule learning approach},
  journaltitle = {International Journal of Intelligent Systems},
  year = {1999},
  volume = {14},
  pages = {1123--1153},
  language = {english},
  hyphenation = {english},
  owner = {Dmitry},
  timestamp = {2014.06.22}
}

@ARTICLE{Gonzalez2001,
  author = {A. Gonzalez AND R. Perez},
  title = {Selection of relevant features in a fuzzy genetic learning algorithm},
  journaltitle = {IEEE Transactions on Systems, Man, and Cybernetics},
  year = {2001},
  volume = {31},
  number = {3},
  pages = {417--425},
  language = {english},
  part = {B: Cybernetics},
  hyphenation = {english},
  owner = {Dmitry},
  timestamp = {2014.06.22}
}

@INCOLLECTION{sep-principia-mathematica,
  author = {Irvine, Andrew David},
  editor = {Edward N. Zalta},
  title = {Principia Mathematica},
  booktitle = {The Stanford Encyclopedia of Philosophy},
  year = {2013},
  language = {english},
  edition = {Winter 2013},
  url = {http://plato.stanford.edu/archives/win2013/entries/principia-mathematica/},
  hyphenation = {english},
  owner = {Dmitry},
  timestamp = {2014.06.23}
}

@ARTICLE{Ishibuchi2001,
  author = {H. Ishibuchi and T. Nakashima},
  title = {Effect of rule weights in fuzzy rule-based classification systems},
  journaltitle = {IEEE Transactions on Fuzzy Systems},
  year = {2001},
  volume = {1},
  pages = {59--64},
  language = {english},
  hyphenation = {english},
  owner = {Dmitry},
  timestamp = {2014.06.15}
}

@ARTICLE{Ishibuchi1999,
  author = {H. Ishibuchi AND T. Nakashima AND T. Murata},
  title = {Performance evaluation of fuzzy classifier systems for multidimensional
	pattern classification problems},
  journaltitle = {IEEE transactions on Systems, Man, and Cybernetics},
  year = {1999},
  volume = {29},
  number = {5},
  pages = {601--618},
  language = {english},
  part = {B: Cybernetics},
  hyphenation = {english},
  owner = {Dmitry},
  timestamp = {2014.06.22}
}

@ARTICLE{Ishibuchi1994,
  author = {H. Ishibuchi AND K. Nozaki AND H. Tanaka AND Y. Hosaka AND M. Matsuda},
  title = {Empirical study on learning in fuzzy systems by rice taste analysis},
  journaltitle = {Fuzzy Sets and Systems},
  year = {1994},
  volume = {64},
  number = {2},
  pages = {129--144},
  language = {english},
  hyphenation = {english},
  owner = {Dmitry},
  timestamp = {2014.06.22}
}

@ARTICLE{Ishibuchi2005,
  author = {H. Ishibuchi AND T. Yamamoto AND T. Nakashima},
  title = {Hybridization of fuzzy GBML approaches for pattern classification
	problems},
  journaltitle = {IEEE transactions on Systems, Man, and Cybernetics},
  year = {2005},
  volume = {35},
  number = {2},
  pages = {359--365},
  language = {english},
  part = {B: Cybernetics},
  hyphenation = {english},
  owner = {Dmitry},
  timestamp = {2014.06.22}
}

@ARTICLE{Jan1993,
  author = {J. S. R. Jan},
  title = {ANFIS},
  journaltitle = {IEEE Transactions on Systems, Man, and Cybernetics},
  year = {1993},
  subtitle = {adaptive-network-based fuzzy inference system},
  volume = {23},
  number = {3},
  pages = {665--685},
  language = {english},
  hyphenation = {english},
  owner = {Dmitry},
  timestamp = {2014.06.15}
}

@ARTICLE{Kasabov2002,
  author = {N. Kasabov AND Q. Song},
  title = {DENFIS: Dynamic evolving neural-fuzzy inference system and its application
	for time-series prediction},
  journaltitle = {IEEE Transactions on Fuzzy Systems},
  year = {2002},
  volume = {10},
  number = {2},
  pages = {144--154},
  language = {english},
  hyphenation = {english},
  owner = {Dmitry},
  timestamp = {2014.06.22}
}

@ARTICLE{Kim1999,
  author = {J. Kim AND N. Kasabov},
  title = {HyFIS: Adaptive neuro-fuzzy inference systems and their application
	to nonlinear dynamical systems},
  journaltitle = {Neural Networks},
  year = {1999},
  volume = {12},
  number = {9},
  pages = {1301--1319},
  language = {english},
  hyphenation = {english},
  owner = {Dmitry},
  timestamp = {2014.06.22}
}

@ARTICLE{Kosko1994,
  author = {B. Kosko},
  title = {Fuzzy Systems as Universal Approximators},
  journaltitle = {IEEE Transactions on Computers},
  year = {1994},
  issue = {11},
  month = {November},
  pages = {1329--1333},
  url = {http://sipi.usc.edu/~kosko/FuzzyUniversalApprox.pdf},
  language = {english},
  volumes = {43},
  hyphenation = {english},
  owner = {Dmitry},
  timestamp = {2014.06.09}
}

@BOOK{MacCoun2001,
  author = {R. J. MacCoun AND P. Reuter},
  title = {Drug War Heresies},
  year = {2001},
  subtitle = {Learning from Other Vices, Times, and Places},
  publisher = {Cambridge University Press},
  pagetotal = {479},
  language = {english},
  hyphenation = {english},
  owner = {Dmitry},
  timestamp = {2014.12.23}
}

@ARTICLE{Nomura1992,
  author = {H. Nomura AND I. Hayashi AND N. Wakami},
  title = {A learning method of fuzzy inference rules by descent method},
  journaltitle = {IEEE International Conference on Fuzzy Systems},
  year = {1992},
  pages = {203--210},
  language = {english},
  hyphenation = {english},
  owner = {Dmitry},
  timestamp = {2014.06.22}
}

@ARTICLE{Pak2005,
  author = {Pyong Sik Pak AND Gwan Kim},
  title = {Long-Range Prediction of Population by Sex, Age and District Based
	on Fuzzy Theories},
  journaltitle = {Computational Intelligence for Modelling and Prediction},
  year = {2005},
  language = {english},
  hyphenation = {english},
  owner = {Dmitry},
  timestamp = {2014.06.22}
}

@ARTICLE{Sasu2010,
  author = {Adela Sasu},
  title = {An application of fuzzy time series to the romanian population},
  journaltitle = {Bulletin of the Transilvania University of Brasov},
  year = {2010},
  volume = {3},
  issue = {52},
  pages = {125--132},
  language = {english},
  hyphenation = {english},
  owner = {Dmitry},
  timestamp = {2014.06.23}
}

@ARTICLE{Song1993,
  author = {Q. Song AND B. S. Chissom},
  title = {Fuzzy time series and its models},
  journaltitle = {Fuzzy Sets and Systems},
  year = {1993},
  number = {54},
  pages = {269--277},
  language = {english},
  hyphenation = {english},
  owner = {Dmitry},
  timestamp = {2014.06.23}
}

@ARTICLE{Thrift1991,
  author = {P. Thrift},
  title = {Fuzzy logic synthesis with genetic algorithms},
  journaltitle = {In Proceedings of the Fourth International Conference on Genetic Algorithms},
  year = {1991},
  location = {San Diego},
  pages = {509--513},
  language = {english},
  hyphenation = {english},
  owner = {Dmitry},
  timestamp = {2014.06.22}
}

@ARTICLE{Wang1992,
  author = {L-X Wang and J. M. Mendel},
  title = {Generating fuzzy rules by learning from examples},
  journaltitle = {IEEE Transactions on Systems, Man and Cybernetics},
  year = {1992},
  volume = {22},
  number = {6},
  month = {November/December},
  pages = {1414--1427},
  language = {english},
  hyphenation = {english},
  owner = {Dmitry},
  timestamp = {2014.06.15}
}

@ARTICLE{Zadeh1973,
  author = {L. Zadeh},
  title = {An Outline of a New Approach to the Analysis of Complex Systems and
	Decision Processes},
  journaltitle = {IEEE Transactions on Systems, Man, and Cybernetics},
  year = {1973},
  number = {1},
  pages = {28--44},
  language = {english},
  hyphenation = {english},
  owner = {Dmitry},
  timestamp = {2014.06.23}
}

@ARTICLE{zadeh1965fuzzy,
  author = {Zadeh, Lotfi A},
  title = {Fuzzy Sets},
  journaltitle = {Information and control},
  year = {1965},
  publisher = {Elsevier},
  volume = {8},
  number = {3},
  pages = {338--353},
  url = {www.asianscientist.com/books/wp-content/uploads/2013/06/2895_chap01.pdf},
  language = {english},
  hyphenation = {english}
}

@ARTICLE{Abdullaeva2010,
  author = {Н. А Абдуллаева},
  title = {Нечеткий подход к прогнозированию уровня бедности},
  journaltitle = {Управление большими системами},
  year = {2010},
  location = {М.},
  publisher = {ИПУ РАН},
  issue = {30},
  pages = {98--114},
  language = {russian},
  hyphenation = {russian},
  owner = {Dmitry},
  timestamp = {2014.06.22}
}

@BOOK{Karpets2010,
  author = {А. В. Карпец AND И. Е. Махров AND Э. М. Виноградова},
  title = {Мониторинг и оценка наркоситуации},
  year = {2010},
  publisher = {ЗАО Юстицинформ},
  pagetotal = {224},
  language = {russian},
  location = {М.},
  hyphenation = {russian},
  owner = {Dmitry},
  timestamp = {2014.12.23}
}

@ARTICLE{Mamedova2005,
  author = {М. Г. Мамедова AND З. Г. Джабраилова},
  title = {Нечеткая логика в прогнозировании демографических аспектов рынка
	труда},
  journaltitle = {Искусственный интеллект},
  year = {2005},
  issue = {3},
  pages = {450--460},
  language = {russian},
  hyphenation = {russian},
  owner = {Dmitry},
  timestamp = {2014.06.22}
}

@ELECTRONIC{us_nat_drug_strat,
  title = {National Drug Control Strategy},
  url = {http://www.whitehouse.gov/sites/default/files/ondcp/policy-and-research/ndcs_2014.pdf},
  language = {english},
  organization = {the Whitehouse [сайт]},
  urldate = {2014-10-10},
  hyphenation = {english},
  owner = {Dmitry},
  timestamp = {2014.12.23}
}

@ELECTRONIC{ru_nat_drug_strat,
  title = {Об утверждении Стратегии государственной антинаркотической политики
	Российской Федерации до 2020 года},
  year = {2010},
  url = {http://graph.document.kremlin.ru/page.aspx?1;1285491},
  subtitle = {указ Президента РФ от 9.06.2010 № 690},
  language = {russian},
  organization = {Президент России [сайт].},
  urldate = {2014-12-22},
  hyphenation = {russian},
  owner = {Dmitry},
  timestamp = {2014.12.23}
}

@ELECTRONIC{ru_nat_def_strat,
  title = {О Стратегии национальной безопасности Российской Федерации до 2020
	года},
  year = {2009},
  url = {http://graph.document.kremlin.ru/page.aspx?1012112},
  subtitle = {указ Президента РФ от 12.05.2009 № 537},
  language = {russian},
  organization = {Президент России [сайт].},
  urldate = {2014-12-22},
  hyphenation = {russian},
  owner = {Dmitry},
  timestamp = {2014.12.23}
}

@comment{jabref-meta: groupsversion:3;}

@comment{jabref-meta: groupstree:
0 AllEntriesGroup:;
1 ExplicitGroup:FTS\;0\;;
2 ExplicitGroup:Theory\;0\;Song1993\;;
2 ExplicitGroup:Applications\;0\;;
3 ExplicitGroup:Social forecast\;0\;;
4 ExplicitGroup:Demographic forecast\;0\;Abdullaeva2010\;Mamedova2005\
;Pak2005\;Sasu2010\;;
1 ExplicitGroup:FRBS\;0\;;
2 ExplicitGroup:Theory\;0\;Kosko1994\;Zadeh1973\;zadeh1965fuzzy\;;
2 ExplicitGroup:Software\;0\;;
3 ExplicitGroup:R package 'frbs'\;0\;;
4 ExplicitGroup:FRBS based on space partition\;0\;Chi1996\;Ishibuchi20
01\;Wang1992\;;
4 ExplicitGroup:FRBS based on neural networks\;0\;Jan1993\;Kim1999\;;
4 ExplicitGroup:FRBS based on clustering approach\;0\;Chiu1996\;Kasabo
v2002\;;
4 ExplicitGroup:FRBS based on genetic algorithms\;0\;Alcala2007\;Cordo
n1999\;Gonzalez2001\;Ishibuchi1999\;Ishibuchi2005\;Thrift1991\;;
4 ExplicitGroup:FRBS based on the gradient descent method\;0\;Ishibuch
i1994\;Nomura1992\;;
1 ExplicitGroup:Philosophy\;0\;sep-principia-mathematica\;;
1 ExplicitGroup:Legal Documents\;0\;ru_nat_def_strat\;ru_nat_drug_stra
t\;us_nat_drug_strat\;;
1 ExplicitGroup:Drug Policies\;0\;MacCoun2001\;;
1 ExplicitGroup:Methodology\;0\;Karpets2010\;;
}

